@article{bishop2006pattern,
  title={Pattern Recognition},
  author={Bishop, Christopher M},
  journal={Machine Learning},
  year={2006}
}
